
@misc{AS3,
organization = {Amazon Web Services},
title = "Amazon.com Case Study",
howpublished={\url{https://aws.amazon.com/solutions/case-studies/amazon/}}
}

@misc{AWS-O,
organization = {Amazon Web Services},
title = "Overview of Amazon Web Services",
year = "2019",
howpublished={\url{https://d1.awsstatic.com/whitepapers/aws-overview.pdf}}
}

@misc{AWS-what,
organization = {Amazon Web Services},
title = "Cloud computing with AWS",
year = "2019",
howpublished={\url{https://aws.amazon.com/what-is-aws/}}
}

@misc{AWS-Nitro,
author = {Ravi Murty},
organization = {Amazon Web Services},
title = "Powering next-gen Amazon EC2: Deep dive into the Nitro system",
year = "2019",
howpublished={\url{https://d1.awsstatic.com/events/reinvent/2019/REPEAT_2_Powering_next-gen_Amazon_EC2_Deep_dive_into_the_Nitro_system_CMP303-R2.pdf}}
}

@misc{docker-c,
organization = {Docker, Inc.},
title = "What is a Container?",
howpublished={\url{https://www.docker.com/resources/what-container}}
}

@misc{docker-doc,
organization = {Docker, Inc.},
title = "About images, containers, and storage drivers",
howpublished={\url{https://docs.docker.com/v17.09/engine/userguide/storagedriver/imagesandcontainers/}}
}

@misc{k8s-what,
organization = {Cloud Native Computing Foundation (CNCF)},
title = "What is Kubernetes",
howpublished={\url{https://kubernetes.io/docs/concepts/overview/what-is-kubernetes/}}
}

@misc{k8s-diagram,
author = {Aleksei Burlutskii},
title = "Kubernetes for dummies",
howpublished={\url{https://www.burlutsky.su/management/kubernetes-for-begginers/}}
}

@misc{k8s-cpts,
organization = {Cloud Native Computing Foundation (CNCF)},
title = "Kubernetes Concepts",
howpublished={\url{https://kubernetes.io/docs/concepts}}
}









@Book{Lam92,
author = {Lamport, L.},
title = {LaTeX system przygotowywania dokumentów},
publisher = {Wydawnictwo Ariel},
year = {1992},
address = {Kraków},

langid = {polish},
}

@Book{Dil00,
author = {Diller, A.},
title = {LaTeX wiersz po wierszu},
publisher = {Wydawnictwo Helion},
year = {2000},
address = {Gliwice},

langid = {polish},
}


@Manual{ARM06,
title = {Ada Reference Manual {ISO}/{IEC} 8652:200y({E}) {E}d. 3},
organization = {Ada Europe},
year = {2006}
}

@Article{BuDo03,
author = {Burns, A. and Dobbing, B.},
title = {The {R}avenscar {P}rofile for Real--Time and High Integrity Systems},
journal = {Cross{T}alk},
year = {2003},
volume = {16},
number = {11},
pages = {9--12}
}



@InProceedings{PeDa04,
author = {Peleska, J. and Große, D. and Haxthausen, A. E. and Drechsler, R.},
title = {Automated Verification for Train Control Systems},
booktitle = {Proc. of the 5th Symposium on Formal Methods for Automation and Safety in Railway and Automotive Systems (FORMS/FORMAT 2004)},
year = {2004},
pages = {252--265},
address = {Braunschweig, Germany},
month = {December}
}

@TechReport{BuDoVa03,
author = {Burns, A. and Dobbing, B. and Vardanega, T.},
title = {Guide for the Use of the Ada Ravenscar Profile in High Integrity Systems},
institution = {University of York},
year = {2003},
number = {YCS-2003-348}
}



@manual{Alvis2011,
	organization = {AGH University of Science and Technology},
	year = {2011},
	title = {{On Line Alvis Manual}},
	note = {\\\texttt{http://fm.ia.agh.edu.pl/alvis:manual}},
	author = {Szpyrka, M.},

	langid = {english},
}
